
@article{1-alpha:1999,
   key       = {75},
   author    = {Axel Munk and Rafael Pl\"uger},
   title     = {$1 - \alpha$ Equivariant Confidence Rules for Convex Alternatives
       are $\alpha/2$ -Level Tests - With Applications to the Multivariate
       Assessment of Bioequivalence},
   journal   = {Journal of the American Statistical Association},
   year      = {1999},
   volume    = {94},
   number    = {448},
   pages     = {1311-1319}
}


@article{a-comparis:1987,
   key       = {82},
   author    = {Schuirmann, D.J.},
   title     = {A comparison of the two one-sided tests procedure and the power 
       approach for assessing the equivalence of average bioavailability},
   journal   = {Journal of Pharmacokinetics and Biopharmaceutics},
   year      = {1987},
   volume    = {15},
   pages     = {657-680}
}


@article{a-confiden:1976,
   key       = {17},
   author    = {Laubscher, N.F. and Odeh, R.E.},
   title     = {A Confidence Interval for the Scale Parameter Based on Sukhatme's
       Two-Sample Statistic},
   journal   = {Communications in Statistics-Theory and Methods},
   year      = {1976},
   volume    = {A5},
   number    = {14},
   pages     = {1393-1407}
}


@article{a-distribu:1999,
   key       = {126},
   author    = {Wellek, S. and Hampel, B.},
   title     = {A Distribution-Free Two-Sample Equivalence Test Allowing for 
       Tied Observations},
   journal   = {Biometrical Journal},
   year      = {1999},
   volume    = {41},
   pages     = {171-186}
}


@article{a-fundamen:1944,
   key       = {2},
   author    = {Fieller, E. C.},
   title     = {A Fundamental Formula in the
       Statistics of Biological Assay, and some Applications},
   journal   = {Quaterly Journal of
       Pharmacy and Pharmacoloy},
   year      = {1944},
   volume    = {17},
   pages     = {117-123}
}


@book{a-introduc:1993,
   key       = {3},
   author    = {Efron, B. and Tibshirani, R.J.},
   title     = {An Introduction to the
       Bootstrap},
   year      = {1993},
   publisher = {Chapman \& Hall},
   address   = {New York}
}


@article{a-modifica:1982,
   key       = {18},
   author    = {Filgner, M. A. and Rust, S.W.},
   title     = {A Modification of Mood's Median Test for the Generalized 
       Behrens-Fisher Problem},
   journal   = {Biometrika},
   year      = {1982},
   volume    = {69},
   number    = {1},
   pages     = {221-226}
}


@article{a-multivar:1988,
   key       = {80},
   author    = {S. Sasabushi},
   title     = {A multivariate one-sided test with composite hypotheses determined
       by linear inequalities when the covariance matrix has an unknown
       scale factor},
   journal   = {Memoirs of the Faculty of Science, Kyushu University, Series A,
       Mathematics},
   year      = {1988},
   volume    = {42},
   pages     = {9-19}
}


@article{a-multivar:1988a,
   key       = {81},
   author    = {S. Sasabushi},
   title     = {A multivariate one-sided test with composite hypotheses determined
       by linear inequalities when the covariance matrix is completely unknown},
   journal   = {Memoirs of the Faculty of Science, Kyushu University, Series A,
       Mathematics},
   year      = {1988},
   volume    = {42},
   pages     = {37-46}
}


@article{a-network-:1983,
   key       = {43},
   author    = {Cyrus R. Mehta and Nitin R. Patel},
   title     = {A Network Algorithm for Performing Fisher's Exact Test in $r \times c $ 
       Contingency Tables},
   journal   = {Journal of the American Statistical Association},
   year      = {1983},
   month     = {June},
   volume    = {78},
   number    = {382},
   pages     = {427-434}
}


@article{a-new-appr:1996,
   key       = {125},
   author    = {Wellek, S.},
   title     = {A new approach to equivalence assessment in standard comparative
       bioavailability  trials by means of the Mann-Whitney statistic},
   journal   = {Biometrical Journal},
   year      = {1996},
   volume    = {38},
   pages     = {695-710}
}


@article{a-non-para:1977,
   key       = {42},
   author    = {Eryl Shirley},
   title     = {A Non-Parametric Equivalent of Williams' Test for 
       Constrasting Increasing Dose Levels of a Treatment},
   journal   = {Biometrics},
   year      = {1977},
   month     = {June},
   volume    = {33},
   pages     = {386-389}
}


@article{a-nonparam:1979,
   key       = {104},
   author    = {Bakir, Saad T. and Reynolds, Marion R., Jr},
   title     = {A nonparametric procedure for process control based on within-group ranking},
   journal   = {Technometrics},
   year      = {1979},
   volume    = {21},
   pages     = {175- 183}
}


@article{a-note-o:1982,
   key       = {46},
   author    = {U. Abel},
   title     = {{A} Note on the {Mann-Whitney} Statistic for {Lehmann} Alternatives},
   journal   = {Biometrical Journal},
   year      = {1982},
   volume    = {24},
   number    = {6},
   pages     = {565-570}
}


@article{a-note-on-:1996,
   key       = {123},
   author    = {Hayter, A. J.;Liu, W.},
   title     = {A note on the calculation of $\Pr\{X_1<X_2<\cdots<X_k\}$},
   journal   = {The American Statistician},
   year      = {1996},
   volume    = {50},
   pages     = {365-365}
}


@article{a-strong-r:1983,
   key       = {28},
   author    = {GovindaraJulu, Z. and Mason, D.M.},
   title     = {A Strong Representation for Linear Combinations of Order Statistics 
       with Application for Fixed-width Confidence Intervals for Location 
       and Scale Parameters},
   journal   = {Scandinavian Journal of Statistics},
   year      = {1983},
   volume    = {10},
   pages     = {97-115}
}


@article{a-survey-o:2000,
   key       = {33},
   author    = {Manfred Horn and R\"udiger Vollandt},
   title     = {A Survey of Sample Size Formulas for Pairwise and many-one Multiple 
       Cmparisons in the Parametric, Nonparametric and Binomial Case},
   journal   = {Biometrical Journal},
   year      = {2000},
   volume    = {42},
   number    = {1},
   pages     = {27-44}
}


@article{an-approac:2000,
   key       = {127},
   author    = {Paul Murrell and Ross Ihaka},
   title     = {An Approach to Providing Mathematical Annotations in Plots},
   journal   = {Journal of Computational and Graphical Statistics},
   year      = {2000},
   volume    = {9},
   number    = {3},
   pages     = {582-599}
}


@article{an-improve:1982,
   key       = {93},
   author    = {Worsley, K.J.},
   title     = {An improved Bonferroni inequality and applications},
   journal   = {Biometrika},
   year      = {1982},
   volume    = {69},
   number    = { },
   pages     = {297-302}
}


@book{an-introdu:1971,
   key       = {115},
   author    = {Feller,  William},
   title     = {An Introduction th Probability Theory and Its Applications},
   year      = {1971},
   publisher = {John Wiley \& Sons},
   address   = {New York},
   volume    = {II}
}


@article{analysis-o:2000,
   key       = {110},
   author    = {Qian, W. and Parmar, M.K.B. and Sambrook, R.J. and 
       Fayers, P.M. and Girling D.J. and Stephens R.J.},
   title     = {Analysis of messy longitudinal data from a randomized clinical trial},
   journal   = {Statistics in Medicine},
   year      = {2000},
   volume    = {19},
   pages     = {2657-2674}
}


@article{applicatio:1988,
   key       = {65},
   author    = {Siegfried Kropf},
   title     = {Application of Multivariate Test Prcedures to the Combination
       of Multivariate and Univariate Tests with Varying Variabe Sets},
   journal   = {Biometrical Journal},
   year      = {1988},
   volume    = {30},
   number    = {4},
   pages     = {461-470}
}


@article{approximat:1999,
   key       = {13},
   author    = {Kieser, M. and Hauschke, D.},
   title     = {Approximate Sample Sizes For Testing Hypotheses About the Ratio
       and Difference of Two Means},
   journal   = {Journal of Biopharmaceutical Statistics},
   year      = {1999},
   volume    = {9},
   number    = {4},
   pages     = {641-650}
}


@article{approximat:2000,
   key       = {103},
   author    = {Rabinowitz, Daniel and Betensky, Rebecca A.},
   title     = {Approximating the Distribution of Maximally Selected McNemar's 
       Statistics},
   journal   = {Biometrics},
   year      = {2000},
   month     = {September},
   volume    = {56},
   pages     = {897-902}
}


@article{asymptotic:1969,
   key       = {7},
   author    = {Jure\v{c}kov\'{a}, J.},
   title     = {Asymptotic Linearity of a Rank
       Statistic in Regression Parameter},
   journal   = {The Annals of Mathematical Statistics},
   year      = {1969},
   volume    = {40},
   number    = {6},
   pages     = {1889-1900}
}


@article{axact-dist:1986,
   key       = {55},
   author    = {Bernd Streitberg and Joachim R\"ohmel},
   title     = {Exact Distributions for Permutations and Rank Tests:
       An Introduction to Some Recently Published Algorithms},
   journal   = {Statistical Software Newsletters},
   year      = {1986},
   volume    = {12},
   number    = {1},
   pages     = {10-17}
}


@misc{berechnung:1999,
   key       = {132},
   author    = {Frank Bretz},
   title     = {Berechnung der Multivariaten Normal- und T-Verteilung},
   year      = {1999},
   howpublished = {Biometrische Beitr\"age der Universit\"t Hannover}
}


@article{blood-and-:1987,
   key       = {137},
   author    = {P.D. Watson and M. B. Wolf and I.S. Beck-Montgemery},
   title     = {Blood and isoproterenol reduce capillary permeability in cat hindlimb},
   journal   = {The American Journal of Physiology},
   year      = {1987},
   volume    = {252},
   pages     = {H47-H53}
}


@article{bootstrap-:1996,
   key       = {73},
   author    = {Thmoas J. DiCiccio and Bradley Efron},
   title     = {Bootstrap Confidence Intervals},
   journal   = {Statistical Science},
   year      = {1996},
   volume    = {11},
   number    = {3},
   pages     = {189-228}
}


@article{bootstrap-:2000,
   key       = {9},
   author    = {Carpenter, J. and Bithell, J.},
   title     = {Bootstrap confidence intervals: when, which, what? A practical guide 
       for medical statisticians},
   journal   = {Statistics in Medicine},
   year      = {2000},
   volume    = {19},
   pages     = {1141-1164}
}


@article{boundary-c:1971,
   key       = {98},
   author    = {Durbin, J.},
   title     = {Boundary-crossing probabilities for the Brownian motion and Poisson processes
       and techniques for computing the power of the Kolmogorov-Smirnov test},
   journal   = {Journal of Applied Probability},
   year      = {1971},
   number    = {8},
   pages     = {431- 453}
}


@article{bounds-on-:1991,
   key       = {27},
   author    = {Wasserstein, R. L. and Boyer, J.E. Jr.},
   title     = {Bounds on the Power of Linear Rank Tests for Scale Parameters},
   journal   = {The American Statistician},
   year      = {1991},
   month     = {February},
   volume    = {45},
   number    = {1},
   pages     = {10-13}
}


@article{calculatin:1999,
   key       = {19},
   author    = {Hutson, A. D.},
   title     = {Calculating Nonparametric Confidence Intervals for Quantiles using 
       Fractional Order Statistics},
   journal   = {Journal of Applied Statistics},
   year      = {1999},
   volume    = {26},
   number    = {3},
   pages     = {343-353}
}


@article{calculatio:2000,
   key       = {122},
   author    = {Tetsuhisa Miwa and A.J. Hayter and Wei Liu},
   title     = {Calculations of Level Probabilities for Normal Random Variables
       with Unequal Variances with Applications to Barzholomew's Test
       in Unbalanced One-Way Models},
   journal   = {Computational Statistics \& Data Analysis},
   year      = {2000},
   volume    = {34},
   pages     = {17-32}
}


@article{categorizi:2000,
   key       = {85},
   author    = {Madhu Mazumdar and Jill R. Glassman},
   title     = {Categorizing a Prognostic Variable: Review of Methods, Code for Easy
       Implementation and Applications To Decision-Making About Cancer
       Treatments},
   journal   = {Statistics in Medicine},
   year      = {2000},
   volume    = {19},
   pages     = {113-132}
}


@conference{classifica:1994,
   key       = {78},
   author    = {B. Lausen and W. Sauerbrei and M. Schuhmacher},
   title     = {Classification and Regression Trees (CART) used for the exporation
       of prognostic factors measured on different scales},
   booktitle = {Computational Statistics},
   year      = {1994},
   editor    = {P. Dirschedl and R. Ostermann},
   publisher = {Physica-Verlag},
   address   = {Heidelberg},
   pages     = {483-496}
}


@article{comparison:1993,
   key       = {121},
   author    = {Genz, Alan},
   title     = {Comparison of methods for the computation of multivariate normal 
       probabilities},
   journal   = {Computing Science and Statistics},
   year      = {1993},
   volume    = {25},
   pages     = {400-405}
}


@article{confidence:1965,
   key       = {4},
   author    = {Bennet, B.M.},
   title     = {Confidence Limits for a Ratio Using
       Wilcoxon's Signed Rank Test},
   journal   = {Biometrics},
   year      = {1965},
   month     = {March},
   volume    = {21},
   pages     = {231-234}
}


@article{confidence:1976,
   key       = {30},
   author    = {Switzer, P.},
   title     = {Confidence Procedures for Two-Sample Problems},
   journal   = {Biometrika},
   year      = {1976},
   volume    = {63},
   number    = {1},
   pages     = {13-25}
}


@article{confidence:1990,
   key       = {111},
   author    = {Mee, Robert W.},
   title     = {Confidence intervals for probabilities and tolerance regions based on a
       generalization of the Mann-Whitney statistic (Corr: V86 p255)},
   journal   = {JASA},
   year      = {1990},
   volume    = {85},
   pages     = {793- 800}
}


@article{confidence:1993,
   key       = {20},
   author    = {Sahai, H. and Khurshid, A.},
   title     = {Confidence Intervals for the Ratio of Two Poisson Means},
   journal   = {Mathematical Scientist},
   year      = {1993},
   volume    = {18},
   pages     = {43-50}
}


@article{confidence:1994,
   key       = {57},
   author    = {Jasan C. Hsu and J.T. Gene Hwang and Hung-King Liu and Stehphen J. Ruberg},
   title     = {Confidence intervals associated with tests for bioequivalence},
   journal   = {Biometrika},
   year      = {1994},
   volume    = {81},
   number    = {1},
   pages     = {103-114}
}


@article{confidence:1997,
   key       = {41},
   author    = {Daniel Plsky and Henry A. Glick and Richard Willke and Kevin Schulman},
   title     = {Confidence Intervals for Cost-Effectiveness Ratios: A Comparison
       of Four Methods},
   journal   = {Health Economics},
   year      = {1997},
   volume    = {6},
   pages     = {243-252}
}


@article{consistenc:2000,
   key       = {97},
   author    = {Jun Shao and J\"urgen K\"ubler and Iris Pigeot},
   title     = {Consistency of the bootstrap procedure in individual bioequivalence},
   journal   = {Biometrika},
   year      = {2000},
   volume    = {87},
   number    = {3},
   pages     = {573-585}
}


@article{constructi:1972,
   key       = {1},
   author    = {Bauer, David. F.},
   title     = {Constructing Confidence Sets Using Rank Statistics},
   journal   = {Journal of the American Statistical Association},
   year      = {1972},
   volume    = {67},
   number    = {339},
   pages     = {687-690}
}


@article{constructi:1999,
   key       = {12},
   author    = {Andrew H. Briggs and Christopher Z. Mooney and David E. Wonderling},
   title     = {Constructiong Confidence Intervals For Cost-Effectiveness Ratios:
       An Evaluation of Parametric and Non-Parametric Techniques Using
       Monte Carlo Simulation},
   journal   = {Statistics in Medicine},
   year      = {1999},
   volume    = {18},
   pages     = {3245-3262}
}


@inbook{design-and:1998,
   key       = {59},
   author    = {Stephen Bailey},
   title     = {Design and Analysis of Animal Studies in Pharmaceutical Development},
   chapter   = {Subchronic Toxicity Studies},
   year      = {1998},
   editor    = {Shein-Chung Chow and Jen-pei Liu},
   publisher = {Marcel Dekker},
   address   = {New York},
   pages     = {135-196}
}


@article{detecting-:1988,
   key       = {105},
   author    = {Lombard, F.},
   title     = {Detecting change points by Fourier analysis},
   journal   = {Technometrics},
   year      = {1988},
   volume    = {30},
   pages     = {305- 310}
}


@article{directiona:1988,
   key       = {69},
   author    = {Thomas Bregenzer and Walter Lehmacher},
   title     = {Directional Tests for the Analysis of Clinical Trials with Multiple 
       Endpoints Allowing for Incomplete Data},
   journal   = {Biometrical Journal},
   year      = {1988},
   volume    = {40},
   number    = {8},
   pages     = {911-928}
}


@article{distinct-t:2000,
   key       = {134},
   author    = {Alizadeh, Ash A. et.al},
   title     = {Distinct types of diffuse large B-cell lymphoma identified by gene 
       expression profiling},
   journal   = {Nature},
   year      = {2000},
   month     = {February},
   volume    = {403},
   pages     = {503-511}
}


@article{distributi:1985,
   key       = {29},
   author    = {Steinberg, S.M. and Davis, C.E.},
   title     = {Distribution-Free Confidence Intervals For Quantiles in Small Samples},
   journal   = {Communications in Statistics-Theory and Methods},
   year      = {1985},
   volume    = {14},
   number    = {4},
   pages     = {979-990}
}


@article{equivalen:1996,
   key       = {47},
   author    = {Axel Munk},
   title     = {{Equivalence} and Interval Testing for {Lehmann's} Alternative},
   journal   = {Journal of the American Statistical Association},
   year      = {1996},
   month     = {September},
   volume    = {91},
   number    = {435},
   pages     = {1187-1196}
}


@article{estimates-:1963,
   key       = {16},
   author    = {Hodges, J. L. Jr. and Lehmann, E.L.},
   title     = {Estimates of Location Based on Rank Tests},
   journal   = {The Annals of Mathematical Statistics},
   year      = {1963},
   month     = {June},
   volume    = {34},
   pages     = {598-611}
}


@article{evaluating:1996,
   key       = {79},
   author    = {B. Lausen and M. Schumacher},
   title     = {Evaluating the Effect of Optimized Cutoff Values in the Assessment
       of Prognostic Factors},
   journal   = {Computational Statistics And Data Analysis},
   year      = {1996},
   volume    = {21},
   pages     = {307-326}
}


@article{evaluation:1997,
   key       = {34},
   author    = {R\"udiger Vollandt and Manfred Horn},
   title     = {Evaluation of Noether's Method of Sample Size Determination for 
       the Wilcoxon-Mann-Whitney Test},
   journal   = {Biometrical Journal},
   year      = {1997},
   volume    = {39},
   number    = {7},
   pages     = {823-829}
}


@article{exact-calc:1985,
   key       = {51},
   author    = {H. Zimmermann},
   title     = {Exact Calculation of Permutational Distributions for Two
       Dependen Samples I},
   journal   = {Biometrical Journal},
   year      = {1985},
   volume    = {27},
   number    = {3},
   pages     = {349-352}
}


@article{exact-sign:1984,
   key       = {50},
   author    = {Cyrus R. Mehta and Nitin R. Patel and Anastasios A. Tsiatis},
   title     = {Exact Significance Testing to Establish Treatment
       Equivalence with Ordered Categorial Data},
   journal   = {Biometrics},
   year      = {1984},
   volume    = {40},
   pages     = {819-825}
}


@inproceedings{exact-stab:1998,
   key       = {70},
   author    = {J\"urgen L\"uuter and Siegfried Kropf and Ekkehard Glimm},
   title     = {Exact stable multivariate tests for applications in clinical research},
   booktitle = {ASAProBiop},
   year      = {1998},
   pages     = {46-55}
}


@article{exakte-ver:1987,
   key       = {87},
   author    = {Bernd Streitberg and Joachim R\"ohmel},
   title     = {Exakte Verteilungen f\"ur Rang- und Randomisierungstests im 
       allgemeinen $c$-Stichprobenfall},
   journal   = {EDV in Medizin und Biologie},
   year      = {1987},
   volume    = {18},
   number    = {1},
   pages     = {12-19}
}


@unpublished{exegeses-o:,
   key       = {77},
   author    = {W.N. Venables},
   title     = {Exegeses on Linear Models},
   note      = {web}
}


@article{expected-s:1965,
   key       = {21},
   author    = {Dempster, A.P. and Schatzoff, M.},
   title     = {Expected Significance Level as a Sensibility Index for Test Statistics},
   journal   = {Journal of the American Statistical Association},
   year      = {1965},
   volume    = {60},
   pages     = {420-436}
}


@manual{guidance-o:1992,
   key       = {112},
   author    = {Anonymous},
   title     = {Guidance on statistical procedures for bioequivalence studies using a 
       standard two-treatment cross-over design},
   organization = {Food and Drug Administration},
   year      = {1992}
}


@article{h.w.-block:1997,
   key       = {74},
   author    = {H.W. Block and D. Chhetry and Z. Fang and A. R. Sampson},
   title     = {Metrics on permutations useful for positive dependence},
   journal   = {Journal of Statistical Planning and Inference},
   year      = {1997},
   volume    = {62},
   pages     = {219-234}
}


@unpublished{habil:,
   key       = {76},
   author    = {Siegfried Kropf},
   title     = {Habil},
   note      = {Ausz\"uge}
}


@article{how-to-exp:1997,
   key       = {49},
   author    = {T. J. Feuerstein and R. Ro{\ss}ner and M. Schumacher},
   title     = {How to express and effect mean as
       percentage of a control mean},
   journal   = {Journal Pharmacological
       and Toxicological Methods},
   year      = {1997},
   volume    = {37},
   pages     = {187-190}
}


@article{inference-:1970,
   key       = {119},
   author    = {Hinkley, David V.},
   title     = {Inference about the change-point in a sequence of random variables},
   journal   = {Biometrika},
   year      = {1970},
   volume    = {57},
   number    = {1},
   pages     = {1-17}
}


@article{inference-:1970a,
   key       = {120},
   author    = {Hinkley, David V. and Hinkley, Elizabeth A.},
   title     = {Inference about the change-point in a sequence of binomial variables},
   journal   = {Biometrika},
   year      = {1970},
   volume    = {57},
   number    = {1},
   pages     = {477-488}
}


@article{intervals-:1985,
   key       = {14},
   author    = {Cox, C. P.},
   title     = {Intervals Estimates for the Ratio of the Means of Two Normal
       Populations with Variances Related to the Means},
   journal   = {Biometrics},
   year      = {1985},
   month     = {March},
   volume    = {41},
   pages     = {261-265}
}


@article{joint-dist:1995,
   key       = {108},
   author    = {Saran, Jagdish},
   title     = {Joint distributions based on the number of runs and some other two-sample rank
       order statistics for arbitrary sample sizes},
   journal   = {Journal of Statistical Planning and Inference},
   year      = {1995},
   volume    = {47},
   pages     = {257- 275}
}


@incollection{lehmann-:1983,
   key       = {48},
   author    = {R. A. Wijsman},
   title     = {{Lehmann} Alternatives},
   booktitle = {{Encyclopedia of Statistical Sciences (9 vols. plus
       Supplement)}},
   year      = {1983},
   publisher = {Wiley:NY:UK},
   address   = {Wiley:NY:UK},
   pages     = {598--601}
}


@article{lexical-sc:2000,
   key       = {130},
   author    = {Robert Gentleman and Ross Ihaka},
   title     = {Lexical Scope and Statistical Computing},
   journal   = {Journal of Computational and Graphical Statistics},
   year      = {2000},
   volume    = {9},
   number    = {3},
   pages     = {491-508}
}


@article{locally-mo:1988,
   key       = {68},
   author    = {William J. Conover and David S. Salsburg},
   title     = {Locally Most Powerful Tests for detecting Treatment Effects When
       Only a Subset of Patients Can be Expected to "Respond" to Treatment},
   journal   = {Biometrics},
   year      = {1988},
   volume    = {44},
   pages     = {189-196}
}


@unpublished{making-sil:,
   key       = {84},
   author    = {Leo Breiman},
   title     = {Making Silk Purses out of Sow's Ears},
   note      = {Vortragskopie}
}


@article{maximally-:1982,
   key       = {91},
   author    = {Rupert Miller and David Siegmund},
   title     = {Maximally Selected Chi Square Statistics},
   journal   = {Biometrics},
   year      = {1982},
   volume    = {38},
   pages     = {1011-1016}
}


@article{maximally-:1982a,
   key       = {89},
   author    = {Jerry Halpern},
   title     = {Maximally Selected Chi Square Statistics for Small Samples},
   journal   = {Biometrics},
   year      = {1982},
   volume    = {38},
   pages     = {1017-1023}
}


@article{maximally-:1992,
   key       = {71},
   author    = {Berthold Lausen and Martin Schumacher},
   title     = {Maximally Selected Rank Statistics},
   journal   = {Biometrics},
   year      = {1992},
   month     = {March},
   volume    = {48},
   pages     = {73-85}
}


@article{minimally-:1999,
   key       = {107},
   author    = {Halpern, Aaron L.},
   title     = {Minimally Selected $p$ and Other Tests for a Single Abrupt Changepoint
       in a Binary Sequence},
   journal   = {Biometrics},
   year      = {1999},
   month     = {December},
   volume    = {55},
   pages     = {1044-1050}
}


@article{multiple-c:1992,
   key       = {124},
   author    = {Hirotsu, Chihiro;Kuriki, Satoshi;Hayter, Anthony J.},
   title     = {Multiple comparison procedures based on the maximal component 
       of the cumulative  chi-squared statistic},
   journal   = {Biometrika},
   year      = {1992},
   volume    = {79},
   pages     = {381-392}
}


@article{multivaria:1998,
   key       = {63},
   author    = {J\"urgen L\"auter and Ekkehard Glimm and Siegfried Kropf},
   title     = {Multivariate Tests Based on Left-Spherically Distributed Linear Scores},
   journal   = {The Annals of Statistics},
   year      = {1998},
   volume    = {26},
   number    = {5},
   pages     = {1972-1988}
}


@article{new-multiv:1996,
   key       = {66},
   author    = {J\"urgen L\"auter and Ekkehard Glimm and Siegfried Kropf},
   title     = {New Multivariate Tests for Data with an Inherent Structure},
   journal   = {Biometrical Journal},
   year      = {1996},
   volume    = {38},
   number    = {1},
   pages     = {5-23}
}


@article{nonparamet:1963,
   key       = {15},
   author    = {Lehmann, E.L.},
   title     = {Nonparametric Confidence Intervals for a Shift Parameter},
   journal   = {The Annals of Mathematical Statistics},
   year      = {1963},
   volume    = {34},
   pages     = {1507-1512}
}


@article{nonparamet:1977,
   key       = {35},
   author    = {Helen T. Bhattacharyya},
   title     = {Nonparametric Estimation of Ratio of Scale Parameters},
   journal   = {Journal of the American Statistical Association},
   year      = {1977},
   volume    = {72},
   number    = {358},
   pages     = {459-463}
}


@article{nonparamet:1991,
   key       = {37},
   author    = {A.R. Padmanabhan},
   title     = {Nonparametric Estimation of a Ratio of Multivariate Means and 
       Applications},
   journal   = {Applied Statistics},
   year      = {1991},
   volume    = {40},
   number    = {3},
   pages     = {443-447}
}


@article{nonparamet:1993,
   key       = {36},
   author    = {John Q. Su and L.J. Wei},
   title     = {Nonparametric Estimation for the Difference or Ratio of Median Failure 
       Times},
   journal   = {Biometrics},
   year      = {1993},
   month     = {June},
   volume    = {49},
   pages     = {603-607}
}


@article{nonparamet:1999,
   key       = {102},
   author    = {Chen, Yuh-Ing},
   title     = {Nonparametric Identification of the Minimum Effective Dose},
   journal   = {Biometrics},
   year      = {1999},
   month     = {December},
   volume    = {55},
   pages     = {1236-1240}
}


@manual{note-for-g:1998,
   key       = {92},
   author    = {Anonymous},
   title     = {Note for guidance on the investigation of bioavailability and 
       bioequivalence},
   organization = {Committee for proprietary medicinal  products},
   year      = {1998}
}


@article{note-on-a-:1975,
   key       = {94},
   author    = {McGilchrist, C. A. and Woodyer, K. D.},
   title     = {Note on a distribution-free CUSUM technique},
   journal   = {Technometrics},
   year      = {1975},
   volume    = {17},
   pages     = {321- 325}
}


@article{numerical-:1992,
   key       = {116},
   author    = {Genz, Alan},
   title     = {Numerical computation of multivariate normal probabilities},
   journal   = {Journal of Computational and Graphical Statistics},
   year      = {1992},
   volume    = {1},
   pages     = {141-149}
}


@article{numerical-:1999,
   key       = {135},
   author    = {Genz, A. and Bretz, F.},
   title     = {Numerical computation of multivariate $t$-probabilities with 
       application to power calculation of multiple contrasts},
   journal   = {Journal of Statistical Computation and Simulation},
   year      = {1999},
   volume    = {63},
   pages     = {361-378}
}


@article{on-confide:1995,
   key       = {10},
   author    = {Horstmann, V.},
   title     = {On Confidence Regions Induced by the Wilcoxon Rank Sum Test},
   journal   = {Statistics \& Probability Letters},
   year      = {1995},
   volume    = {23},
   pages     = {333-338}
}


@article{on-exact-r:2001,
   key       = {118},
   author    = {Torsten Hothorn},
   title     = {On Exact Rank Tests in R},
   journal   = {R News},
   year      = {2001},
   month     = {January},
   volume    = {1},
   number    = {1},
   pages     = {11-12}
}


@article{on-maximal:1991,
   key       = {88},
   author    = {James A. Koziol},
   title     = {On Maximally Selected Chi-Square Statistics},
   journal   = {Biometrics},
   year      = {1991},
   volume    = {47},
   pages     = {1557-1561}
}


@article{on-nonpara:1997,
   key       = {26},
   author    = {Low, M.G.},
   title     = {On Nonparametric Confidence Intervals},
   journal   = {The Annals of Statistics},
   year      = {1997},
   volume    = {25},
   number    = {6},
   pages     = {2547-2554}
}


@article{on-tests-t:1990,
   key       = {86},
   author    = {Bernd Streitberg and Joachim R\"ohmel},
   title     = {On Tests That are Uniformly More Powerfule Than the
       Wilcoxon-Mann-Whitney Test},
   journal   = {Biometrics},
   year      = {1990},
   volume    = {46},
   pages     = {481-484}
}


@article{on-the-def:2000,
   key       = {53},
   author    = {A. Kaellen and P. Larsson},
   title     = {On the definition of therapeutic equivalence},
   journal   = {Drug Information Journal},
   year      = {2000},
   volume    = {34},
   pages     = {349-354}
}


@article{outer-and-:1987,
   key       = {24},
   author    = {Meyer, J.S.},
   title     = {Outer and Inner Confidence Intervals for Finite Population Quantile 
       Intervals},
   journal   = {Journal of the American Statistical Association},
   year      = {1987},
   month     = {March},
   volume    = {83},
   number    = {397},
   pages     = {201-204}
}


@article{p-values-a:1999,
   key       = {22},
   author    = {Sackrowitz, H. and Samuel-Cahn, E.},
   title     = {P Values as Random Variables-Expected P Values},
   journal   = {The American Statistician},
   year      = {1999},
   month     = {November},
   volume    = {53},
   number    = {4},
   pages     = {326-331}
}


@article{permutatio:1996,
   key       = {99},
   author    = {Baglivo, Jenny and Pagano, Marcello and Spino, Cathie},
   title     = {Permutation distributions via generating functions with applications to
       sensitivity analysis of discrete data},
   journal   = {JASA},
   year      = {1996},
   volume    = {91},
   number    = {435},
   pages     = {1037-1046}
}


@article{precision-:1996,
   key       = {131},
   author    = {Joachim R\"ohmel},
   title     = {Precision intervals for estimates of the difference in success 
       rates for binary  random variables based on 
       the permutation principle},
   journal   = {Biometrical Journal},
   year      = {1996},
   volume    = {38},
   number    = {8},
   pages     = {977-993}
}


@article{predictors:1987,
   key       = {133},
   author    = {Hohnloser, S.H. and Raeder, E.A. and Podrid, P.J. and 
       Graboys, T.B. and Lown, B.},
   title     = {Predictors of antiarrhythmic drug efficacy in  patients with 
       malignant ventricular tachyarrhythmias},
   journal   = {American Heart Journal},
   year      = {1987},
   volume    = {114},
   pages     = {1-7}
}


@article{procedures:1984,
   key       = {67},
   author    = {Peter C. O'Brien},
   title     = {Procedures for Camparing Samples woth Multiple Endpoints},
   journal   = {Biometrics},
   year      = {1984},
   volume    = {40},
   pages     = {1079-1087}
}


@article{proof-of-s:1999,
   key       = {40},
   author    = {Dieter Hauschke and Meinhard Kieser and Ludwig A. Hothorn},
   title     = {Proof of Safety in Toxicology Based on the Ratio of Two Means 
       for Normally Distributed Data},
   journal   = {Biometrical Journal},
   year      = {1999},
   volume    = {41},
   number    = {3},
   pages     = {295-304}
}


@article{pulling-co:1997,
   key       = {38},
   author    = {Andrew H. Briggs, David E. Wonderling and Christopher Z. Mooney},
   title     = {Pulling Cost-Effectiveness Analysis bp by Bootstraps: A 
       Non-Parametric Approach to Confidence Interval Estimation},
   journal   = {Econometrics and Health Economics},
   year      = {1997},
   volume    = {6},
   pages     = {327-340}
}


@article{r:-a-langu:1996,
   key       = {62},
   author    = {Ross Ihaka and Robert Gentlemen},
   title     = {R: A Language for Data Analysis and
       Graphics},
   journal   = {Journal of Computational and Graphical Statistics},
   year      = {1996},
   volume    = {5},
   pages     = {299-314}
}


@article{rank-based:1999,
   key       = {101},
   author    = {Chen, Yuh-Ing},
   title     = {Rank-Based Tests for Dose Findings in Nonmonotonic Dose-Response Settings},
   journal   = {Biometrics},
   year      = {1999},
   month     = {December},
   volume    = {55},
   pages     = {1258-1262}
}


@article{rank-tes:1972,
   key       = {44},
   author    = {Richard Peto},
   title     = {{Rank} Tests of Maximal Power Against {Lehmann-type} Alternatives},
   journal   = {Biomtrika},
   year      = {1972},
   volume    = {59},
   pages     = {472-475}
}


@article{rank-tests:1972,
   key       = {45},
   author    = {Richard Peto},
   title     = {Rank Tests of Maximal Power Against {Lehmann-type}
       Alternatives},
   journal   = {Biometrika},
   year      = {1972},
   volume    = {1972},
   number    = {59},
   pages     = {472--475}
}


@article{rank-tests:1987,
   key       = {106},
   author    = {Lombard, F.},
   title     = {Rank tests for changepoint problems},
   journal   = {Biometrika},
   year      = {1987},
   volume    = {74},
   pages     = {615- 624}
}


@article{rank-trans:1981,
   key       = {64},
   author    = {W.J. Conover and Ronald L. Iman},
   title     = {Rank Transformations as a Bridge Between Parametric and 
       Nonparametric Statistics},
   journal   = {The American Statistician},
   year      = {1981},
   month     = {August},
   volume    = {35},
   number    = {3},
   pages     = {124-128}
}


@article{regression:1999,
   key       = {72},
   author    = {Rainer Schlittgen},
   title     = {Regression Trees for Survival Data - an Approach to Select 
       Discontinuous Split Points by Rank Statistics},
   journal   = {Biometrical Journal},
   year      = {1999},
   volume    = {41},
   number    = {8},
   pages     = {943-954}
}


@article{robust-ran:1981,
   key       = {8},
   author    = {Filgner, M. A. and Policello, G. E.},
   title     = {Robust Rank Procedures for the Behrens-Fisher Problem},
   journal   = {Journal of the American Statistical Association},
   year      = {1981},
   month     = {March},
   volume    = {76},
   number    = {373},
   pages     = {162-168}
}


@article{robustness:1965,
   key       = {31},
   author    = {H{\o}yland, Arnljot},
   title     = {Robustness of the Hodges-Lehmann estimates for shift},
   journal   = {The Annals of Mathematical Statistics},
   year      = {1965},
   volume    = {36},
   pages     = {174-197}
}


@article{s.-wellek-:1999,
   key       = {39},
   author    = {A Distribution-Free Two-Sample Equivalence Test Allowing
       for Tied Observations},
   title     = {S. Wellek and B. Hampel},
   journal   = {Biometrical Journal},
   year      = {1999},
   volume    = {41},
   number    = {2},
   pages     = {171-186}
}


@article{sample-siz:1987,
   key       = {32},
   author    = {Noether, G. E.},
   title     = {Sample Size Determination of Some Common Nonparametric Tests},
   journal   = {Journal of the American Statistical Association},
   year      = {1987},
   month     = {June},
   volume    = {82},
   number    = {398},
   pages     = {645-647}
}


@article{sample-siz:1999,
   key       = {56},
   author    = {Zhiying Pan and Lawrence L. Kupper},
   title     = {Sample Size Determination for Multiple Comparison Studies
       Treating Confidence Intervals Width as Random},
   journal   = {Statistics in Medicine},
   year      = {1999},
   volume    = {18},
   pages     = {1475-1488}
}


@article{sample-siz:1999a,
   key       = {58},
   author    = {Dieter Hauschke and Meinhard Kieser and Edgar Diletti and Martin Burke},
   title     = {Sample Size Determination for Proving Equivalence Based on the Ratio
       of two Means for Normally Distributed Data},
   journal   = {Statistics in Medicine},
   year      = {1999},
   volume    = {18},
   number    = {1},
   pages     = {93-105}
}


@article{simple-ran:1967,
   key       = {100},
   author    = {Dwass, Meyer},
   title     = {Simple random walk and rank order statistics},
   journal   = {Annals of Mathematical Statistics},
   year      = {1967},
   volume    = {38},
   pages     = {1042-1053}
}


@article{stabilized:1997,
   key       = {67},
   author    = {Siegfried Kropf and J\"urgen L\"auter and Ekkehard Glimm},
   title     = {Stabilized Multivariate Tests - the Inclusion of Missing Values},
   journal   = {Biometrical Journal},
   year      = {1997},
   volume    = {39},
   number    = {2},
   pages     = {149-169}
}


@article{statistica:2000,
   key       = {11},
   author    = {Kieser, M. and Hauschke, D.},
   title     = {Statistical Methods for Demonstrating Equivalence in Crossover Trials
       Based on the Ratio of Two Location Parameters},
   journal   = {Drug Information Journal},
   year      = {2000},
   volume    = {34},
   pages     = {563-568}
}


@inbook{statistisc:1992,
   key       = {41},
   author    = {Hothorn, L. A.},
   title     = {Statistisches Know How in der medizinischen Forschung},
   chapter   = {Biometrische Analyse toxikologischer Untersuchungen},
   year      = {1992},
   editor    = {Adams, J.},
   publisher = {Ullstein Mosby},
   address   = {Berlin},
   pages     = {475-590}
}


@phdthesis{statistisc:1999,
   key       = {60},
   author    = {Annette B. Pfahlberg},
   title     = {Statistische Aspekte des epidemiologischen Risikokonzepts der 
       "Risk and Rate Advancement Period"},
   year      = {1999},
   school    = {Fachbereich Statistik, Universit\"at Dortmund}
}


@manual{statxact-4:1998,
   key       = {114},
   author    = {Mehta, Cyrus R. and Patel, Nitin, R.},
   title     = {StatXact-4 for Windows},
   organization = {Cytel Software Cooperation},
   year      = {1998},
   address   = {Cambridge, USA}
}


@article{testing-a-:1977,
   key       = {117},
   author    = {Douglas M. Hawkins},
   title     = {Testing a Sequence of Observations for a Shift in Location},
   journal   = {Journal of the American Statistical Association},
   year      = {1977},
   month     = {March},
   volume    = {72},
   number    = {357},
   pages     = {180-186}
}


@article{testing-wh:2000,
   key       = {90},
   author    = {Arthur Cohen and Harold B. Sackrowitz and Marian Sackrowitz},
   title     = {Testing Whether a Treatment is 'better' Than Constrol With Ordered 
       Categorial Data: An Evaluation of New Methodology},
   journal   = {Statistics in Medicine},
   year      = {2000},
   volume    = {19},
   pages     = {2699-2712}
}


@article{the-distri:1967,
   key       = {95},
   author    = {Odeh, Robert E},
   title     = {The distribution of the maximum sum of ranks},
   journal   = {Technometrics},
   year      = {1967},
   number    = {9},
   pages     = {271- 278}
}


@article{the-effici:1987,
   key       = {136},
   author    = {Don Edwards and Jack J. Berry},
   title     = {The Efficiency of Simulation-Based Multiple Comparisons},
   journal   = {Biometrics},
   year      = {1987},
   month     = {December},
   volume    = {43},
   pages     = {913-928}
}


@article{the-nonpar:2000,
   key       = {6},
   author    = {Brunner, E. and Munzel, U.},
   title     = {The nonparametric
       Behrens-Fisher Problem: Asymptotic Theory and a Small Sample Approximation},
   journal   = {Biometric Journal},
   year      = {2000},
   volume    = {42},
   pages     = {17-25}
}


@article{the-omegah:2000,
   key       = {129},
   author    = {Duncan Temple Lang},
   title     = {The Omegahat Environment: New Possibilities for Statistical 
       Computing},
   journal   = {Journal of Computational and Graphical Statistics},
   year      = {2000},
   volume    = {9},
   number    = {3},
   pages     = {423-451}
}


@article{the-permut:1997,
   key       = {96},
   author    = {R\"ohmel, Joachim},
   title     = {The permutation distribution of the Friedman test},
   journal   = {Computational Statistics and Data Analysis},
   year      = {1997},
   number    = {26},
   pages     = {83-  99}
}


@article{the-rank-s:1993,
   key       = {23},
   author    = {Nelson, L.S.},
   title     = {The Rank Sum Test with Confidence Limits},
   journal   = {Journal of Quality Technology},
   year      = {1993},
   month     = {October},
   volume    = {25},
   number    = {4},
   pages     = {306-310}
}


@article{the-u.s.-d:2000,
   key       = {109},
   author    = {Hauschke, Dieter and Steinijans, Volker},
   title     = {The U.S. draft guidance regarding population and individual 
       bioequivalence approaches: comments by a research based pharmaceutical company},
   journal   = {Statistics in Medicine},
   year      = {2000},
   volume    = {17},
   pages     = {2769-2774}
}


@book{theory-of-:-1999,
   key       = {113},
   author    = {H\'ajek, Jaroslav and \v{S}id\'ak, Zbyn\v{e}k and Sen, Pranab K.},
   title     = {Theory of Rank Tests},
   year      = {1999},
   publisher = {Academic Press},
   address   = {London},
   edition   = {2nd}
}


@article{therapeuti:1998,
   key       = {52},
   author    = {Joachim R\"ohmel},
   title     = {Therapeutic Equivalence Investigations: Statistical
       Considerations},
   journal   = {Statistics in Medicine},
   year      = {1998},
   volume    = {17},
   pages     = {1703-1714}
}


@article{tumar-mode:1995,
   key       = {54},
   author    = {T. Corbett and F. Valeriote and P. LoRusso},
   title     = {Tumor models and the discovery and secondary evaluation 
       of solid tumor active agents},
   journal   = {International Journal of Pharmacognosy},
   year      = {1995},
   volume    = {33},
   pages     = {102-122}
}


@article{two-sample:1986,
   key       = {5},
   author    = {Brunner, E. and Neumann, N.},
   title     = {Two-Sample Rank Tests in
       General Models},
   journal   = {Biometric Journal},
   year      = {1986},
   volume    = {28},
   pages     = {395-402}
}


@article{two-sample:1992,
   key       = {25},
   author    = {Johnson, R.A., Morrell, C.H., Schick, A.},
   title     = {Two-Sample Nonparametric Estimation and Confidence Intervals
       Under Truncation},
   journal   = {Biometrics},
   year      = {1992},
   month     = {December},
   volume    = {48},
   pages     = {1043-1056}
}


@article{use-of-the:1963,
   author    = {Richard F. Potthoff},
   title     = {Use of the Wilcoxon Statistic for a Generalized Behrens-Fisher Problem},
   journal   = {The Annals of Mathematical Statistics},
   year      = {1963},
   number    = {34},
   pages     = {1596-1599}
}


@article{users-pro:2000,
   key       = {128},
   author    = {John M. Chambers},
   title     = {Users, Programmers, and Statistical Software},
   journal   = {Journal of Computational and Graphical Statistics},
   year      = {2000},
   volume    = {9},
   number    = {3},
   pages     = {404-422}
}

