
@book{Genz_Bretz_2009,
  author = {Alan Genz and Frank Bretz},
  year = 2009,
  title = {Computation of Multivariate Normal and t Probabilities},
  series = {Lecture Notes in Statistics}, 
  volume = {195},
  gs = {6544661453467094935},
  publisher = {Springer-Verlag},
  address = {Heidelberg, Germany}
}

@article{Miwa_Hayter_Kuriki_2003,
  author = {Tetsuhisa Miwa and A. J. Hayter and Satoshi Kuriki},
  title = {The Evaluation of General Non-centred Orthant Probabilities},
  journal = {Journal of the Royal Statistical Society, Series B: Methodology}, 
  volume = 65,
  pages = {223--234},
  doi = {10.1111/1467-9868.00382},
  gs = {1406755671628176635},
  year = {2003}
}
